% Encoding: UTF-8

@Article{moravvcik2017deepstack,
  author    = {Morav{\v{c}}{\'\i}k, Matej and Schmid, Martin and Burch, Neil and Lis{\`y}, Viliam and Morrill, Dustin and Bard, Nolan and Davis, Trevor and Waugh, Kevin and Johanson, Michael and Bowling, Michael},
  title     = {Deepstack: Expert-level artificial intelligence in heads-up no-limit poker},
  journal   = {Science},
  year      = {2017},
  volume    = {356},
  number    = {6337},
  pages     = {508--513},
  publisher = {American Association for the Advancement of Science},
}

@Article{brown2018depth,
  author  = {Brown, Noam and Sandholm, Tuomas and Amos, Brandon},
  title   = {Depth-Limited Solving for Imperfect-Information Games},
  journal = {arXiv preprint arXiv:1805.08195},
  year    = {2018},
}

@Article{da2018approximating,
  author  = {Da Silva, Brandon},
  title   = {Approximating Poker Probabilities with Deep Learning},
  journal = {arXiv preprint arXiv:1808.07220},
  year    = {2018},
}

@Article{eil2014staying,
    author = {Eil, David and Lien, Jaimie W.},
    title = {Staying Ahead and Getting Even: Risk Attitudes of Experienced Poker Players},
    journal = {Games and Economic Behavior},
    year = {2014},
    volume = {87}
}

@article{goeree2001ten,
  title={Ten little treasures of game theory and ten intuitive contradictions},
  author={Goeree, Jacob K and Holt, Charles A},
  journal={American Economic Review},
  volume={91},
  number={5},
  pages={1402--1422},
  year={2001}
}

@article{zink2008advances,
  title={Regret minimization in games with incomplete information},
  author={Zinkevich, Johanson, Bowling and Piccione},
  journal={Advances in Neural Information Processing Systems},
  volume={20},
  pages={1729-1736},
  year={2008}
}

@article{brown2018deep,
  title={Deep Counterfactual Regret Minimization},
  author={Brown, Lerer, Gross and Sandholm},
  journal={eprint arXiv:1811.00164},
  year={2018}
}


@misc{coms4995f17,
    author = "{Echlin, Porubin and Dunn}",
    title = {{Coms 4995 Final Project - Fall 2017}},
    howpublished = {\url{https://github.com/mp3242/coms4995-finalproj}},
    note = {Online; accessed 25 October} ,
    year=2018,
}

@inproceedings{liu2017robust,
  title={Robust linear regression against training data poisoning},
  author={Liu, Chang and Li, Bo and Vorobeychik, Yevgeniy and Oprea, Alina},
  booktitle={Proceedings of the 10th ACM Workshop on Artificial Intelligence and Security},
  pages={91--102},
  year={2017},
  organization={ACM}
}

@misc{ircpoker,
    author = "{Computer Poker Research Group, University of Alberta}",
    title = {{Michael Maurer's IRC Poker Database}},
    howpublished = 
    {\url{http://poker.cs.ualberta.ca/irc_poker_database.html}},
    note = {Online; accessed 25 October} ,
    year=2018,
}

@misc{leducdeepstack,
  author = {Schmid, Martin},
  title = {DeepStack for Leduc Hold-Em},
  year = {2017},
  publisher = {GitHub},
  journal = {GitHub repository},
  howpublished = {\url{https://github.com/lifrordi/DeepStack-Leduc}}
}

@article{teafilo2013,
author = {Filipe Teafilo, Luas and Reis, LuaÂ­s},
year = {2013},
month = {01},
pages = {},
title = {Identifying Player\'s Strategies in No Limit Texas Hold\'em Poker
through the Analysis of Individual Moves}
}

@article{yuan2017adversarial,
  title={Adversarial examples: Attacks and defenses for deep learning},
  author={Yuan, Xiaoyong and He, Pan and Zhu, Qile and Bhat, Rajendra Rana and Li, Xiaolin},
  journal={arXiv preprint arXiv:1712.07107},
  year={2017}
}

@article{biggio2014pattern,
  title={Pattern recognition systems under attack: Design issues and research challenges},
  author={Biggio, Battista and Fumera, Giorgio and Roli, Fabio},
  journal={International Journal of Pattern Recognition and Artificial Intelligence},
  volume={28},
  number={07},
  pages={1460002},
  year={2014},
  publisher={World Scientific}
}

@article{biggio2012poisoning,
  title={Poisoning attacks against support vector machines},
  author={Biggio, Battista and Nelson, Blaine and Laskov, Pavel},
  journal={arXiv preprint arXiv:1206.6389},
  year={2012}
}

@inproceedings{alfeld2016data,
  title={Data Poisoning Attacks against Autoregressive Models.},
  author={Alfeld, Scott and Zhu, Xiaojin and Barford, Paul},
  booktitle={AAAI},
  pages={1452--1458},
  year={2016}
}

@inproceedings{li2016data,
  title={Data poisoning attacks on factorization-based collaborative filtering},
  author={Li, Bo and Wang, Yining and Singh, Aarti and Vorobeychik, Yevgeniy},
  booktitle={Advances in neural information processing systems},
  pages={1885--1893},
  year={2016}
}

@inproceedings{steinhardt2017certified,
  title={Certified defenses for data poisoning attacks},
  author={Steinhardt, Jacob and Koh, Pang Wei W and Liang, Percy S},
  booktitle={Advances in Neural Information Processing Systems},
  pages={3517--3529},
  year={2017}
}

@inproceedings{xiao2015feature,
  title={Is feature selection secure against training data poisoning?},
  author={Xiao, Huang and Biggio, Battista and Brown, Gavin and Fumera, Giorgio and Eckert, Claudia and Roli, Fabio},
  booktitle={International Conference on Machine Learning},
  pages={1689--1698},
  year={2015}
}

@book{fudenberg1998theory,
  title={The theory of learning in games},
  author={Fudenberg, Drew and Drew, Fudenberg and Levine, David K and Levine, David K},
  volume={2},
  year={1998},
  publisher={MIT press}
}

@misc{aridor19,
    title={Git{H}ub Repository for },
    author={{Drori, Iddo, Guy Aridor, Natania Wolansky, Jisha Jacob}},
    howpublished = {\url{https://github.com/rawls238/LeducTrainingPoisoning}},
    year={2019}
}
